@phdthesis{
    Pesek:1,
    title = {Compositional Hierarchical Model for Music Information Retrieval},
    school = {University of Ljubljana},
    author = {Matevž Pesek},
    year   = {2018}
}

@article{
    Bilal_et_al:1,
    author={Bilal, Alsallakh and Jourabloo, Amin and Ye, Mao and Liu, Xiaoming and Ren, Liu},
    journal={IEEE Transactions on Visualization and Computer Graphics}, 
    title={Do Convolutional Neural Networks Learn Class Hierarchy?}, 
    year={2018},
    volume={24},
    number={1},
    pages={152-162},
}


@article{
    Meredith:1,
    author = {David Meredith, Kjell Lemström and Geraint A.   Wiggins },
    URL={https://www.tandfonline.com/doi/abs/10.1076/jnmr.31.4.321.14162},
    title = {Algorithms for discovering repeated patterns in multidimensional representations of polyphonic music},
    journal = {Journal of New Music Research},
    volume = {31},
    number = {4},
    pages = {321-345},
    year  = {2002},
    publisher = {Routledge},
    doi = {10.1076/jnmr.31.4.321.14162},
}

@article{
    Zeiler_Fergus:1,
    author       = {Matthew D. Zeiler and Rob Fergus},
    title        = {Visualizing and Understanding Convolutional Networks},
    journal      = {CoRR},
    volume       = {abs/1311.2901},
    year         = {2013},
    url          = {http://arxiv.org/abs/1311.2901},
    eprinttype    = {arXiv},
    eprint       = {1311.2901},
    timestamp    = {Mon, 13 Aug 2018 16:48:37 +0200},
    biburl       = {https://dblp.org/rec/journals/corr/ZeilerF13.bib},
    bibsource    = {dblp computer science bibliography, https://dblp.org}
}

@article{
    Dosovitskiy_Brox:1,
    author       = {Alexey Dosovitskiy and
                  Thomas Brox},
    title        = {Inverting Convolutional Networks with Convolutional Networks},
    journal      = {CoRR},
    volume       = {abs/1506.02753},
    year         = {2015},
    url          = {http://arxiv.org/abs/1506.02753},
    eprinttype    = {arXiv},
    eprint       = {1506.02753},
    timestamp    = {Mon, 13 Aug 2018 16:46:45 +0200},
    biburl       = {https://dblp.org/rec/journals/corr/DosovitskiyB15.bib},
    bibsource    = {dblp computer science bibliography, https://dblp.org}
}

@article{
Gredilla_Liu_Phoenix_George:1,
  author       = {Miguel L{\'{a}}zaro{-}Gredilla and
                  Yi Liu and
                  D. Scott Phoenix and
                  Dileep George},
  title        = {Hierarchical compositional feature learning},
  journal      = {CoRR},
  volume       = {abs/1611.02252},
  year         = {2016},
  url          = {http://arxiv.org/abs/1611.02252},
  eprinttype    = {arXiv},
  eprint       = {1611.02252},
  timestamp    = {Thu, 05 Dec 2019 15:05:34 +0100},
  biburl       = {https://dblp.org/rec/journals/corr/Lazaro-Gredilla16.bib},
  bibsource    = {dblp computer science bibliography, https://dblp.org}
}

@article{
    Fidler:1,
    author = {Fidler, Sanja and Leonardis, Ales},
    title = {Towards Scalable Representations of Object Categories: Learning a Hierarchy of Parts},
    year = {2007},
    pages = {1-8},
}

@article{
    Tabernik:1,
    author = {Tabernik, Domen and Leonardis, Ales and Boben, Marko and Skočaj, Danijel and Kristan, Matej},
    year = {2015},
    month = {09},
    pages = {102-113},
    title = {Adding discriminative power to a generative hierarchical compositional model using histograms of compositions},
    volume = {138},
    journal = {Computer Vision and Image Understanding},
    doi = {10.1016/j.cviu.2015.04.006}
}

@book{
    Schenker,
  title     = {Harmony},
  author    = {Heinrich Schenker},
  year      = {1980},
  publisher = {University of Chicago Press},
  pages = {359}
}

@article{
    Marsden:1,
    author = { Alan Marsden },
    title = {Schenkerian Analysis by Computer: A Proof of Concept},
    journal = {Journal of New Music Research},
    volume = {39},
    number = {3},
    pages = {269-289},
    year  = {2010},
    publisher = {Routledge},
    doi = {10.1080/09298215.2010.503898},
    URL = { https://doi.org/10.1080/09298215.2010.503898},
}

@article{
    Conklin:2,
    author = {Darrell Conklin and Christina Anagnostopoulou},
    title={Representation and Discovery of Multiple Viewpoint Patterns},
    journal={International Conference on Mathematics and Computing},
    year={2001}
}

@article{
    Conklin:1,
    author = {Darrell Conklin},
    title = {Melodic Analysis with segment classes},
    journal = {Mach Learn},
    volume = {65},
    pages = {349-360},
    year = {2006},
    URL = {https://doi.org/10.1007/s10994-006-8712-x}
}

@book{
    Wiggins:1,
    author = {Wiggins, Geraint and Forth, Jamie},
    year = {2015},
    month = {01},
    pages = {127-148},
    title = {IDyOT: A Computational Theory of Creativity as Everyday Reasoning from Learned Information},
    doi = {10.2991/978-94-6239-085-0_7}
}

----------------------------------------------------------Newer Papers

@article{
    Vaswani:1,
    title={Attention Is All You Need}, 
    author={Ashish Vaswani and Noam Shazeer and Niki Parmar and Jakob Uszkoreit and Llion Jones and Aidan N. Gomez and Lukasz Kaiser and Illia Polosukhin},
    year={2023},
    eprint={1706.03762},
    archivePrefix={arXiv},
    primaryClass={cs.CL}
}

@article{
    Huang:1,
    title={Music Transformer}, 
    author={Cheng-Zhi Anna Huang and Ashish Vaswani and Jakob Uszkoreit and Noam Shazeer and Ian Simon and Curtis Hawthorne and Andrew M. Dai and Matthew D. Hoffman and Monica Dinculescu and Douglas Eck},
    year={2018},
    eprint={1809.04281},
    archivePrefix={arXiv},
    primaryClass={cs.LG}
}

@article{oore:1,
      title={This Time with Feeling: Learning Expressive Musical Performance}, 
      author={Sageev Oore and Ian Simon and Sander Dieleman and Douglas Eck and Karen Simonyan},
      year={2018},
      eprint={1808.03715},
      archivePrefix={arXiv},
      primaryClass={cs.SD}
}

@article{shaw:1,
    title = "Self-Attention with Relative Position Representations",
    author = "Shaw, Peter  and
      Uszkoreit, Jakob  and
      Vaswani, Ashish",
    booktitle = "Proceedings of the 2018 Conference of the North {A}merican Chapter of the Association for Computational Linguistics: Human Language Technologies, Volume 2 (Short Papers)",
    month = jun,
    year = "2018",
    address = "New Orleans, Louisiana",
    publisher = "Association for Computational Linguistics",
    url = "https://aclanthology.org/N18-2074",
    doi = "10.18653/v1/N18-2074",
    pages = "464--468",
}


@article{
    Lewis:1,
    URL = {http://www.jstor.org/stable/1513376},
    author = {George E. Lewis},
    journal = {Leonardo Music Journal},
    pages = {33--39},
    publisher = {The MIT Press},
    title = {Too Many Notes: Computers, Complexity and Culture in "Voyager"},
    volume = {10},
    year = {2000}
}
@article{Biles:1,
    author = {Biles, John},
    year = {1994},
    month = {07},
    pages = {},
    title = {GenJam: A Genetic Algorithm for Generating Jazz Solos}
}

@article{
    Biles:2,
    URL = {https://genjamorg.files.wordpress.com/2019/07/bilesicmc98.pdf},
    author = {Biles, John},
    year = {1998},
    month = {10}, 
    title = {Interactive GenJam: Integrating Real-time Performance with a Genetic Algorithm}
}

@article{
    Kuchaiev:1,
    author       = {Oleksii Kuchaiev and
                  Boris Ginsburg},
    title        = {Factorization tricks for {LSTM} networks},
    journal      = {CoRR},
    volume       = {abs/1703.10722},
    year         = {2017},
    url          = {http://arxiv.org/abs/1703.10722},
    eprinttype    = {arXiv},
    eprint       = {1703.10722},
    timestamp    = {Mon, 13 Aug 2018 16:46:44 +0200},
    biburl       = {https://dblp.org/rec/journals/corr/KuchaievG17.bib},
    bibsource    = {dblp computer science bibliography, https://dblp.org}
}

@article{Shazeer:1,
  author       = {Noam Shazeer and
                  Azalia Mirhoseini and
                  Krzysztof Maziarz and
                  Andy Davis and
                  Quoc V. Le and
                  Geoffrey E. Hinton and
                  Jeff Dean},
  title        = {Outrageously Large Neural Networks: The Sparsely-Gated Mixture-of-Experts
                  Layer},
  journal      = {CoRR},
  volume       = {abs/1701.06538},
  year         = {2017},
  url          = {http://arxiv.org/abs/1701.06538},
  eprinttype    = {arXiv},
  eprint       = {1701.06538},
  timestamp    = {Mon, 13 Aug 2018 16:46:11 +0200},
  biburl       = {https://dblp.org/rec/journals/corr/ShazeerMMDLHD17.bib},
  bibsource    = {dblp computer science bibliography, https://dblp.org}
}

@article{Hochreiter:1,
    author = {Hochreiter, Sepp and Schmidhuber, Jürgen},
    title = "{Long Short-Term Memory}",
    journal = {Neural Computation},
    volume = {9},
    number = {8},
    pages = {1735-1780},
    year = {1997},
    month = {11},
    issn = {0899-7667},
    doi = {10.1162/neco.1997.9.8.1735},
    url = {https://doi.org/10.1162/neco.1997.9.8.1735},
    eprint = {https://direct.mit.edu/neco/article-pdf/9/8/1735/813796/neco.1997.9.8.1735.pdf},
}

@article{Chung:1,
author = {Chung, Junyoung and Gulcehre, Caglar and Cho, KyungHyun and Bengio, Y.},
year = {2014},
month = {12},
pages = {},
title = {Empirical Evaluation of Gated Recurrent Neural Networks on Sequence Modeling}
}

@article{Kim:1,
  author       = {Yoon Kim and
                  Carl Denton and
                  Luong Hoang and
                  Alexander M. Rush},
  title        = {Structured Attention Networks},
  journal      = {CoRR},
  volume       = {abs/1702.00887},
  year         = {2017},
  url          = {http://arxiv.org/abs/1702.00887},
  eprinttype    = {arXiv},
  eprint       = {1702.00887},
  timestamp    = {Mon, 13 Aug 2018 16:47:57 +0200},
  biburl       = {https://dblp.org/rec/journals/corr/KimDHR17.bib},
  bibsource    = {dblp computer science bibliography, https://dblp.org}
}

@article{Robertson:1,
  author       = {Andrew N. Robertson and
                 Mark D. Plumbley},
  title        = {POST-PROCESSING FIDDLE∼ : A REAL-TIME MULTI-PITCH TRACKING
TECHNIQUE USING HARMONIC PARTIAL SUBTRACTION FOR USE WITHIN LIVE PERFORMANCE SYSTEMS},
  journal      = {International Computer Music Association},
  year         = {2009},
}

@article{
  hawthorne:1,
  title={Enabling Factorized Piano Music Modeling and Generation with the {MAESTRO} Dataset},
  author={Curtis Hawthorne and Andriy Stasyuk and Adam Roberts and Ian Simon and Cheng-Zhi Anna Huang and Sander Dieleman and Erich Elsen and Jesse Engel and Douglas Eck},
  booktitle={International Conference on Learning Representations},
  year={2019},
  url={https://openreview.net/forum?id=r1lYRjC9F7},
}

@misc{max/msp,
  title = {Max},
  author = {{Cycling '74}},
  howpublished = {\url{https://cycling74.com/products/max}},
  note = {[Computer software]}
}











